<?xml version="1.0" encoding="UTF-8"?><collection xmlns="http://www.loc.gov/MARC21/slim"><record><leader>00616nam--2200205-i-4500</leader><controlfield tag="001">000011638</controlfield><controlfield tag="002">20161230</controlfield><controlfield tag="005">20170305204758</controlfield><controlfield tag="008">060222s1000------------r-----000-0-eng-d</controlfield><datafield ind1=" " ind2=" " tag="020"><subfield code="a">0824711378</subfield></datafield><datafield ind1=" " ind2=" " tag="040"><subfield code="a">IFIN-HH</subfield></datafield><datafield ind1=" " ind2=" " tag="080"><subfield code="a">535.338.3:543.422/423</subfield></datafield><datafield ind1="1" ind2=" " tag="100"><subfield code="a">Dean, John A</subfield></datafield><datafield ind1="1" ind2="0" tag="245"><subfield code="a">Flame emission and atomic absorbtion spectrometry</subfield><subfield code="c">John A. Dean; Theodore C. Rains (Eds.)</subfield></datafield><datafield ind1=" " ind2=" " tag="260"><subfield code="a">London</subfield><subfield code="b">Marcel Dekker, Inc</subfield><subfield code="c">1969</subfield></datafield><datafield ind1=" " ind2=" " tag="300"><subfield code="a">XII + 674 p</subfield></datafield><datafield ind1="1" ind2=" " tag="700"><subfield code="a">Rains, Theodore, C</subfield><subfield code="e">Ed</subfield></datafield><datafield ind1="1" ind2=" " tag="787"><subfield code="a">Vol. 3</subfield><subfield code="d">1975</subfield><subfield code="h">674 p</subfield><subfield code="t">Elements And Matrices</subfield></datafield><datafield ind1=" " ind2=" " tag="852"><subfield code="a">37222</subfield><subfield code="c">535.33</subfield></datafield><datafield ind1=" " ind2=" " tag="CAT"><subfield code="a">SYS</subfield><subfield code="c">20170305</subfield><subfield code="h">204758</subfield></datafield></record></collection>